@article{simonyan2014very,
  title={Very deep convolutional networks for large-scale image recognition},
  author={Simonyan, Karen and Zisserman, Andrew},
  journal={arXiv preprint arXiv:1409.1556},
  year={2014}
}

@misc{noauthor_asl_nodate,
	title = {{ASL} {Alphabet}},
	url = {https://kaggle.com/grassknoted/asl-alphabet},
	abstract = {Image data set for alphabets in the American Sign Language},
	language = {en},
	urldate = {2020-11-19},
	file = {Snapshot:/Users/laizeqiang/Zotero/storage/LC9ZX8CM/asl-alphabet.html:text/html}
}

@misc{noauthor_asl_nodate-1,
	title = {{ASL} {Alphabet} {Test}},
	url = {https://kaggle.com/danrasband/asl-alphabet-test},
	abstract = {ASL Alphabet Images with a variety of backgrounds for validating a model},
	language = {en},
	urldate = {2020-11-19},
	file = {Snapshot:/Users/laizeqiang/Zotero/storage/HMP5I6ET/home.html:text/html}
}


@article{kingma2014adam,
  title={Adam: A method for stochastic optimization},
  author={Kingma, Diederik P and Ba, Jimmy},
  journal={arXiv preprint arXiv:1412.6980},
  year={2014}
}



@article{singha2013hand,
  title={Hand gesture recognition based on Karhunen-Loeve transform},
  author={Singha, Joyeeta and Das, Karen},
  journal={arXiv preprint arXiv:1306.2599},
  year={2013}
}

@inproceedings{aryanie2015american,
  title={American sign language-based finger-spelling recognition using k-Nearest Neighbors classifier},
  author={Aryanie, Dewinta and Heryadi, Yaya},
  booktitle={2015 3rd International Conference on Information and Communication Technology (ICoICT)},
  pages={533--536},
  year={2015},
  organization={IEEE}
}

@article{atwood2012american,
  title={American Sign Language Recognition System},
  author={Atwood, Jason and Eicholtz, Matthew and Farrell, Justin},
  journal={Artificial Intelligence and Machine Learning for Engineering Design. Dept. of Mechanical Engineering, Carnegie Mellon University},
  year={2012}
}

@incollection{starner1997real,
  title={Real-time american sign language recognition from video using hidden markov models},
  author={Starner, Thad and Pentland, Alex},
  booktitle={Motion-based recognition},
  pages={227--243},
  year={1997},
  publisher={Springer}
}

@article{jebali2013extension,
  title={Extension of hidden markov model for recognizing large vocabulary of sign language},
  author={Jebali, Maher and Dalle, Patrice and Jemni, Mohamed},
  journal={arXiv preprint arXiv:1304.3265},
  year={2013}
}

@inproceedings{pigou2014sign,
  title={Sign language recognition using convolutional neural networks},
  author={Pigou, Lionel and Dieleman, Sander and Kindermans, Pieter-Jan and Schrauwen, Benjamin},
  booktitle={European Conference on Computer Vision},
  pages={572--578},
  year={2014},
  organization={Springer}
}